@inproceedings{matlang,
  author    = {Robert Brijder and
               Floris Geerts and
               Jan Van den Bussche and
               Timmy Weerwag},
  title     = {On the Expressive Power of Query Languages for Matrices},
  booktitle = {Proceeding of the 21st International Conference on Database Theory},
  series    = {LIPIcs},
  volume    = {98},
  pages     = {10:1--10:17},
  publisher = {Schloss Dagstuhl - Leibniz-Zentrum f{\"{u}}r Informatik},
  year      = {2018},
  url       = {https://doi.org/10.4230/LIPIcs.ICDT.2018.10}
  }

@inproceedings{Geerts20,
  author    = {Floris Geerts},
  title     = {When Can Matrix Query Languages Discern Matrices?},
  booktitle = {23rd International Conference on Database Theory, {ICDT} 2020, March
               30-April 2, 2020, Copenhagen, Denmark},
  series    = {LIPIcs},
  volume    = {155},
  pages     = {12:1--12:18},
  year      = {2020},
  url       = {https://doi.org/10.4230/LIPIcs.ICDT.2020.12}
}
a service of Schloss Dagstuhl - Leibniz Center for Informatics	homebrowsesearchabout
w3c valid html las

@book{APL,
author = {Iverson, Kenneth E.},
title = {A Programming Language},
year = {1962},
publisher = {John Wiley and Sons, Inc.},
url = {https://dl.acm.org/doi/book/10.5555/1098666}
}

@article{SurveyArrays,
  author    = {Florin Rusu and
               Yu Cheng},
  title     = {A Survey on Array Storage, Query Languages, and Systems},
  year      = {2013},
  url       = {https://arxiv.org/abs/1302.0103}
}

@article{Csanky76,
  author    = {L. Csanky},
  title     = {Fast Parallel Matrix Inversion Algorithms},
  journal   = {{SIAM} J. Comput.},
  volume    = {5},
  number    = {4},
  pages     = {618--623},
  year      = {1976},
  url       = {https://doi.org/10.1137/0205040}
  }

@article{BrijderGBW19,
  author    = {Robert Brijder and
               Floris Geerts and
               Jan Van den Bussche and
               Timmy Weerwag},
  title     = {{MATLANG:} Matrix operations and their expressive power},
  journal   = {{SIGMOD} Record},
  volume    = {48},
  number    = {1},
  pages     = {60--67},
  year      = {2019}
}

@inproceedings{Geerts19,
  author    = {Floris Geerts},
  title     = {On the Expressive Power of Linear Algebra on Graphs},
  booktitle = {22nd International Conference on Database Theory, {ICDT} 2019, March
               26-28, 2019, Lisbon, Portugal},
  pages     = {7:1--7:19},
  year      = {2019}
}

@article{matlang-journal,
  author    = {Robert Brijder and
               Floris Geerts and
               Jan Van den Bussche and
               Timmy Weerwag},
  title     = {On the Expressive Power of Query Languages for Matrices},
  journal   = {{ACM} Trans. Database Syst.},
  volume    = {44},
  number    = {4},
  pages     = {15:1--15:31},
  year      = {2019},
  url       = {https://doi.org/10.1145/3331445}
}

@inproceedings{HutchisonHS17,
  author    = {Dylan Hutchison and
               Bill Howe and
               Dan Suciu},
  title     = {LaraDB: {A} Minimalist Kernel for Linear and Relational Algebra Computation},
  booktitle = {Proceedings of the 4th {ACM} {SIGMOD} Workshop on Algorithms and Systems
               for MapReduce and Beyond, BeyondMR@SIGMOD 2017, Chicago, IL, USA,
               May 19, 2017},
  pages     = {2:1--2:10},
  year      = {2017}
}


@inproceedings{BarceloH0S20,
  author    = {Pablo Barcel{\'{o}} and
               Nelson Higuera and
               Jorge P{\'{e}}rez and
               Bernardo Subercaseaux},
  title     = {On the Expressiveness of {LARA:} {A} Unified Language for Linear and
               Relational Algebra},
  booktitle = {Proceedings of the 23rd International Conference on Database Theory, {ICDT}},
  pages     = {6:1--6:20},
  year      = {2020},
  url       = {https://doi.org/10.4230/LIPIcs.ICDT.2020.6},
}

@book{num,
  author    = {William H. Press and
               Saul A. Teukolsky and
               William T. Vetterling and
               Brian P. Flannery},
  title     = {Numerical Recipes in C, 2nd Edition},
  publisher = {Cambridge University Press},
  year      = {1992},
  url       = {http://numerical.recipes},
  isbn      = {0-521-43108-5}
}

@phdthesis{holm_phd,
	Author = {Holm, Bjarki},
	School = {University of Cambridge},
	Title = {Descriptive Complexity of Linear Algebra},
	Year = 2010}



@inproceedings{dghl_rank,
	Author = {Dawar, Anuj and Grohe, Martin and Holm, Bjarki and Laubner, Bastian},
	Booktitle = {Proceedings of the 24th Annual IEEE Symposium on Logic In Computer Science},
	Note = {\url{https://doi.org/10.1109/LICS.2009.24}},
	Pages = {113--122},
	Series = {LICS},
	Title = {Logics with Rank Operators},
	Year = {2009}}


@inproceedings{GroheP17,
	Author = {Martin Grohe and Wied Pakusa},
	Booktitle = {32nd Annual {ACM/IEEE} Symposium on Logic in Computer Science},
	Note = {\url{https://doi.org/10.1109/LICS.2017.8005081}},
	Pages = {1--12},
	Series = {LICS},
	Title = {Descriptive complexity of linear equation systems and applications to propositional proof complexity},
	Year = {2017}}

@inproceedings{brijder2019matrices,
	author    = {Robert Brijder and
	Marc Gyssens and
	Jan Van den Bussche},
	title     = {On Matrices and K-Relations},
	booktitle = {Foundations of Information and Knowledge Systems (FoIKS)},
	pages     = {42--57},
	year      = {2020}
}


@article{Hella:2001,
 author = {Hella, Lauri and Libkin, Leonid and Nurmonen, Juha and Wong, Limsoon},
 title = {Logics with Aggregate Operators},
 journal = {J. ACM},
 volume = {48},
 number = {4},
 year = {2001},
 pages = {880--907},
 doi = {10.1145/502090.502100},
 publisher = {ACM}
} 

@article{LIBKIN2003,
title = "Expressive power of SQL",
journal = "Theoretical Computer Science",
volume = "296",
number = "3",
pages = "379 - 404",
year = "2003",
author = "Leonid Libkin"}

@article{AllenderJMV98,
  author    = {Eric Allender and
               Jia Jiao and
               Meena Mahajan and
               V. Vinay},
  title     = {Non-Commutative Arithmetic Circuits: Depth Reduction and Size Lower
               Bounds},
  journal   = {Theor. Comput. Sci.},
  volume    = {209},
  number    = {1-2},
  pages     = {47--86},
  year      = {1998},
  url      = {https://doi.org/10.1016/S0304-3975(97)00227-2}
}

@article{allender,
  title={Arithmetic circuits and counting complexity classes},
  author={Allender, Eric},
  journal={Complexity of Computations and Proofs, Quaderni di Matematica},
  volume={13},
  pages={33--72},
  year={2004}
}

@misc{aroraB2009,
  title={Complexity theory: A modern approach},
  author={Arora, Sanjeev and Barak, Boaz},
  year={2009},
  publisher={Cambridge University Press Cambridge}
}

@article{Raz02,
  author    = {Ran Raz},
  title     = {On the Complexity of Matrix Product},
  journal   = {{SIAM} J. Comput.},
  volume    = {32},
  number    = {5},
  pages     = {1356--1369},
  year      = {2003},
  url       = {https://doi.org/10.1137/S0097539702402147}}
 

@article{ShpilkaY10,
  author    = {Amir Shpilka and
               Amir Yehudayoff},
  title     = {Arithmetic Circuits: {A} survey of recent results and open questions},
  journal   = {Foundations and Trends in Theoretical Computer Science},
  volume    = {5},
  number    = {3-4},
  pages     = {207--388},
  year      = {2010},
  url       = {http://dx.doi.org/10.1561/0400000039}
}

@article{strassen1973vermeidung,
  title={Vermeidung von Divisionen.},
  author={Strassen, Volker},
  journal={Journal f{\"u}r die reine und angewandte Mathematik},
  volume={264},
  pages={184--202},
  year={1973}
}

@inproceedings{borodin1982fast,
  title={Fast parallel matrix and GCD computations},
  author={Borodin, Allan and von zur Gathem, Joachim and Hopcroft, John},
  booktitle={23rd Annual Symposium on Foundations of Computer Science (sfcs 1982)},
  pages={65--71},
  year={1982},
  organization={IEEE}
}

@inproceedings{kaltofen1986uniform,
  title={Uniform closure properties of p-computable functions},
  author={Kaltofen, Erich},
  booktitle={Proceedings of the eighteenth annual ACM symposium on Theory of computing},
  pages={330--337},
  year={1986}
}

@article{kaltofen1988greatest,
  title={Greatest common divisors of polynomials given by straight-line programs},
  author={Kaltofen, Erich},
  journal={Journal of the ACM (JACM)},
  volume={35},
  number={1},
  pages={231--264},
  year={1988},
  publisher={ACM New York, NY, USA}
}

@inproceedings{GreenKT07,
	author    = {Todd J. Green and
	Gregory Karvounarakis and
	Val Tannen},
	title     = {Provenance semirings},
	booktitle = {PODS},
	pages     = {31--40},
	year      = {2007}
}

@inproceedings{DrosteG05,
	author    = {Manfred Droste and
	Paul Gastin},
	title     = {Weighted Automata and Weighted Logics},
	booktitle = {ICALP},
	volume    = {3580},
	pages     = {513--525},
	year      = {2005}
}

@inproceedings{Khamis0NOS18,
  author    = {Mahmoud Abo Khamis and
               Hung Q. Ngo and
               XuanLong Nguyen and
               Dan Olteanu and
               Maximilian Schleich},
  editor    = {Sebastian Schelter and
               Stephan Seufert and
               Arun Kumar},
  title     = {{AC/DC:} In-Database Learning Thunderstruck},
  booktitle = {Proceedings of the Second Workshop on Data Management for End-To-End
               Machine Learning},
  pages     = {8:1--8:10},
  publisher = {{ACM}},
  year      = {2018},
  url       = {https://doi.org/10.1145/3209889.3209896}
}

@article{JankovLYCZJG19,
  author    = {Dimitrije Jankov and
               Shangyu Luo and
               Binhang Yuan and
               Zhuhua Cai and
               Jia Zou and
               Chris Jermaine and
               Zekai J. Gao},
  title     = {Declarative Recursive Computation on an {RDBMS}},
  journal   = {Proc. {VLDB} Endow.},
  volume    = {12},
  number    = {7},
  pages     = {822--835},
  year      = {2019},
  url       = {http://www.vldb.org/pvldb/vol12/p822-jankov.pdf}
}

@inproceedings{LARA_Berlin_2016,
	Author = {Kunft, Andreas and Alexandrov, Alexander and Katsifodimos, Asterios and Markl, Volker},
	Booktitle = {Proceedings of the 3rd ACM SIGMOD Workshop on Algorithms and Systems for MapReduce and Beyond},
	Note = {\url{http://doi.acm.org/10.1145/2926534.2926540}},
	Pages = {1:1--1:4},
	Series = {BeyondMR},
	Title = {Bridging the Gap: Towards Optimization Across Linear and Relational Algebra},
	Year = {2016}}


@book{2019Boehm,
  author    = {Matthias Boehm and
               Arun Kumar and
               Jun Yang},
  title     = {Data Management in Machine Learning Systems},
  series    = {Synthesis Lectures on Data Management},
  publisher = {Morgan {\&} Claypool Publishers},
  year      = {2019},
  url       = {https://doi.org/10.2200/S00895ED1V01Y201901DTM057}
}


@article{Jermaine/17/LAonRA,
	Author = {Luo, Shangyu and Gao, Zekai J. and Gubanov, Michael and Perez, Luis L. and Jermaine, Christopher},
	Issue_Date = {March 2018},
	Journal = {SIGMOD Rec.},
	Note = {\url{http://doi.acm.org/10.1145/3277006.3277013}},
	Number = {1},
	Pages = {24--31},
	Title = {Scalable Linear Algebra on a Relational Database System},
	Volume = {47},
	Year = {2018}}


@book{cormen,
  author = {Cormen, Thomas H. and Leiserson, Charles E. and Rivest, Ronald L. and Stein, Clifford},
  edition = {2nd},
  publisher = {The MIT Press},
  title = {Introduction to Algorithms},
  year = 2001
}



@book{droste2009handbook,
	title={Handbook of weighted automata},
	author={Droste, Manfred and Kuich, Werner and Vogler, Heiko},
	year={2009},
	publisher={Springer Science \& Business Media}
}

@article{GradelV17,
	author    = {Erich Gr{\"{a}}del and
	Val Tannen},
	title     = {Semiring Provenance for First-Order Model Checking},
	journal   = {CoRR},
	volume    = {abs/1712.01980},
	year      = {2017},
	url       = {http://arxiv.org/abs/1712.01980}
}

@inproceedings{valiant1981fast,
	title={Fast parallel computation of polynomials using few processors},
	author={Valiant, Leslie G and Skyum, Sven},
	booktitle={International Symposium on Mathematical Foundations of Computer Science},
	pages={132--139},
	year={1981},
	organization={Springer}
}
