@inproceedings{matlang,
  author    = {Robert Brijder and
               Floris Geerts and
               Jan Van den Bussche and
               Timmy Weerwag},
  title     = {On the Expressive Power of Query Languages for Matrices},
  booktitle = {Proceeding of the 21st International Conference on Database Theory {(ICDT)}},
  series    = {LIPIcs},
  volume    = {98},
  pages     = {10:1--10:17},
  publisher = {Schloss Dagstuhl - Leibniz-Zentrum f{\"{u}}r Informatik},
  year      = {2018},
  url       = {https://doi.org/10.4230/LIPIcs.ICDT.2018.10}
  }

@inproceedings{Geerts20,
  author    = {Floris Geerts},
  title     = {When Can Matrix Query Languages Discern Matrices?},
  booktitle = {Proceedings of the 23rd International Conference on Database Theory {(ICDT)}},
  series    = {LIPIcs},
  volume    = {155},
  pages     = {12:1--12:18},
  publisher = {Schloss Dagstuhl - Leibniz-Zentrum f{\"{u}}r Informatik},
  year      = {2020},
  url       = {https://doi.org/10.4230/LIPIcs.ICDT.2020.12}
}

@article{NevenOTB01,
  author    = {Frank Neven and
               Martin Otto and
               Jerzy Tyszkiewicz and
               Jan Van den Bussche},
  title     = {Adding For-Loops to First-Order Logic},
  journal   = {Inf. Comput.},
  volume    = {168},
  number    = {2},
  pages     = {156--186},
  year      = {2001},
  publisher = {Academic Press}
}

@misc{geerts2020expressive,
      title={Expressive power of linear algebra query languages}, 
      author={Floris Geerts and Thomas Mu{\~{n}}oz and Cristian Riveros and Domagoj Vrgo\v{c}},
      year={2020},
      url = {https://arxiv.org/abs/2010.13717}
}

@article{Csanky76,
  author    = {L. Csanky},
  title     = {Fast Parallel Matrix Inversion Algorithms},
  journal   = {{SIAM} J. Comput.},
  volume    = {5},
  number    = {4},
  pages     = {618--623},
  year      = {1976},
  publisher = {SIAM},
  url       = {https://doi.org/10.1137/0205040}
  }


@inproceedings{Geerts19,
  author    = {Floris Geerts},
  title     = {On the Expressive Power of Linear Algebra on Graphs},
  booktitle = {Proceedings of the 22nd International Conference on Database Theory {(ICDT)}},
  pages     = {7:1--7:19},
  year      = {2019},
  publisher = {Schloss Dagstuhl - Leibniz-Zentrum f{\"{u}}r Informatik},
  url       = {https://doi.org/10.4230/LIPIcs.ICDT.2019.7}
}

@article{matlang-journal,
  author    = {Robert Brijder and
               Floris Geerts and
               Jan Van den Bussche and
               Timmy Weerwag},
  title     = {On the Expressive Power of Query Languages for Matrices},
  journal   = {{ACM} Trans. Database Syst.},
  volume    = {44},
  number    = {4},
  pages     = {15:1--15:31},
  year      = {2019},
  url       = {https://doi.org/10.1145/3331445},
  publisher = {ACM}
}

@inproceedings{HutchisonHS17,
  author    = {Dylan Hutchison and
               Bill Howe and
               Dan Suciu},
  title     = {LaraDB: {A} Minimalist Kernel for Linear and Relational Algebra Computation},
  booktitle = {Proceedings of the 4th {ACM} {SIGMOD} Workshop on Algorithms and Systems
               for MapReduce and Beyond {(BeyondMR)}},
  pages     = {2:1--2:10},
  year      = {2017},
  url       = {https://doi.org/10.1145/3070607.3070608},
  publisher = {ACM}
}

@inproceedings{BarceloH0S20,
  author    = {Pablo Barcel{\'{o}} and
               Nelson Higuera and
               Jorge P{\'{e}}rez and
               Bernardo Subercaseaux},
  title     = {On the Expressiveness of {LARA:} {A} Unified Language for Linear and
               Relational Algebra},
  booktitle = {Proceedings of the 23rd International Conference on Database Theory {(ICDT)}},
  pages     = {6:1--6:20},
  year      = {2020},
  url       = {https://doi.org/10.4230/LIPIcs.ICDT.2020.6},
  publisher = {Schloss Dagstuhl - Leibniz-Zentrum f{\"{u}}r Informatik}
}

@book{num,
  author    = {William H. Press and
               Saul A. Teukolsky and
               William T. Vetterling and
               Brian P. Flannery},
  title     = {Numerical Recipes in C, 2nd Edition},
  publisher = {Cambridge University Press},
  year      = {1992},
  url       = {http://numerical.recipes},
  isbn      = {0-521-43108-5}
}

@misc{Christ_2013,
   title={Communication Lower Bounds and Optimal Algorithms for Programs that Reference Arrays - Part 1},
   url={https://arxiv.org/abs/1308.0068},
   author={Christ, Michael and Demmel, James and Knight, Nicholas and Scanlon, Thomas and Yelick, Katherine A.},
   year={2013}
} 

@phdthesis{holm_phd,
	Author = {Holm, Bjarki},
	School = {University of Cambridge},
	Title = {Descriptive Complexity of Linear Algebra},
	Year = 2010}



@inproceedings{dghl_rank,
	Author = {Dawar, Anuj and Grohe, Martin and Holm, Bjarki and Laubner, Bastian},
	Booktitle = {Proceedings of the 24th Annual IEEE Symposium on Logic In Computer Science {(LICS)}},
	url = {https://doi.org/10.1109/LICS.2009.24},
	pages = {113--122},
	Title = {Logics with Rank Operators},
	Year = {2009},
	publisher = {IEEE}}


@inproceedings{GroheP17,
	Author = {Martin Grohe and Wied Pakusa},
	Booktitle = {Proceedings of the 32nd Annual {IEEE} Symposium on Logic in Computer Science  {(LICS)}},
	url = {https://doi.org/10.1109/LICS.2017.8005081},
	Pages = {1--12},
	Title = {Descriptive complexity of linear equation systems and applications to propositional proof complexity},
	Year = {2017},
	publisher= {IEEE}}

@inproceedings{brijder2019matrices,
	author    = {Robert Brijder and
	Marc Gyssens and
	Jan Van den Bussche},
	title     = {On Matrices and K-Relations},
	booktitle = {Foundations of Information and Knowledge Systems ({FoIKS})},
	pages     = {42--57},
	year      = {2020}
}


@article{Hella:2001,
 author = {Hella, Lauri and Libkin, Leonid and Nurmonen, Juha and Wong, Limsoon},
 title = {Logics with Aggregate Operators},
 journal = {J. ACM},
 volume = {48},
 number = {4},
 year = {2001},
 pages = {880--907},
 doi = {https://doi.org/10.1145/502090.502100},
 publisher = {ACM}
} 


@article{AllenderJMV98,
  author    = {Eric Allender and
               Jia Jiao and
               Meena Mahajan and
               V. Vinay},
  title     = {Non-Commutative Arithmetic Circuits: Depth Reduction and Size Lower
               Bounds},
  journal   = {Theor. Comput. Sci.},
  volume    = {209},
  number    = {1-2},
  pages     = {47--86},
  year      = {1998},
  url      = {https://doi.org/10.1016/S0304-3975(97)00227-2}
}

@article{allender,
  title={Arithmetic circuits and counting complexity classes},
  author={Allender, Eric},
  journal={Complexity of Computations and Proofs, Quaderni di Matematica},
  volume={13},
  pages={33--72},
  year={2004}
}

@misc{aroraB2009,
  title={Complexity theory: A modern approach},
  author={Arora, Sanjeev and Barak, Boaz},
  year={2009},
  publisher={Cambridge University Press Cambridge}
}

@article{Raz02,
  author    = {Ran Raz},
  title     = {On the Complexity of Matrix Product},
  journal   = {{SIAM} J. Comput.},
  volume    = {32},
  number    = {5},
  pages     = {1356--1369},
  year      = {2003},
  url       = {https://doi.org/10.1137/S0097539702402147}}
 

@article{ShpilkaY10,
  author    = {Amir Shpilka and
               Amir Yehudayoff},
  title     = {Arithmetic Circuits: {A} survey of recent results and open questions},
  journal   = {Foundations and Trends in Theoretical Computer Science},
  volume    = {5},
  number    = {3-4},
  pages     = {207--388},
  year      = {2010},
  url       = {http://dx.doi.org/10.1561/0400000039}
}

@article{strassen1973vermeidung,
  title={Vermeidung von Divisionen},
  author={Strassen, Volker},
  journal={Journal f{\"u}r die reine und angewandte Mathematik},
  volume={264},
  pages={184--202},
  year={1973},
  url ={https://doi.org/10.1515/crll.1973.264.184}
}

@inproceedings{borodin1982fast,
  title={Fast parallel matrix and GCD computations},
  author={Borodin, Allan and von zur Gathem, Joachim and Hopcroft, John},
  booktitle={Proceedings of the 23rd Annual Symposium on Foundations of Computer Science {(SFCS)}},
  pages={65--71},
  year={1982},
  organization={IEEE},
  url = {https://doi.org/10.1109/SFCS.1982.17}
}


@article{kaltofen1988greatest,
  title={Greatest common divisors of polynomials given by straight-line programs},
  author={Kaltofen, Erich},
  journal={J. ACM},
  volume={35},
  number={1},
  pages={231--264},
  year={1988},
  publisher={ACM},
  url = {https://doi.org/10.1145/42267.45069}
}

@inproceedings{GreenKT07,
	author    = {Todd J. Green and
	Gregory Karvounarakis and
	Val Tannen},
	title     = {Provenance semirings},
	booktitle = {Proceedings of the 26th ACM SIGMOD-SIGACT-SIGART Symposium on Principles of Database Systems {(PODS)}},
	pages     = {31--40},
	year      = {2007},
	url = {https://doi.org/10.1145/1265530.1265535}
}



@inproceedings{DrosteG05,
	author    = {Manfred Droste and
	Paul Gastin},
	title     = {Weighted Automata and Weighted Logics},
	booktitle = {Proceedings of the 32nd International Colloquium on Automata, Languages and Programming {(ICALP)}},
    series    = {Lecture Notes in Computer Science},
	volume    = {3580},
	pages     = {513--525},
	year      = {2005},
    url       = {https://doi.org/10.1007/11523468\_42}
}

@inproceedings{Khamis0NOS18,
  author    = {Mahmoud Abo Khamis and
               Hung Q. Ngo and
               XuanLong Nguyen and
               Dan Olteanu and
               Maximilian Schleich},
  title     = {{AC/DC:} In-Database Learning Thunderstruck},
  booktitle = {Proceedings of the Second Workshop on Data Management for End-To-End
               Machine Learning},
  pages     = {8:1--8:10},
  publisher = {{ACM}},
  year      = {2018},
  url       = {https://doi.org/10.1145/3209889.3209896}
}

@article{JankovLYCZJG19,
  author    = {Dimitrije Jankov and
               Shangyu Luo and
               Binhang Yuan and
               Zhuhua Cai and
               Jia Zou and
               Chris Jermaine and
               Zekai J. Gao},
  title     = {Declarative Recursive Computation on an {RDBMS}},
  journal   = {Proc. {VLDB} Endow.},
  volume    = {12},
  number    = {7},
  pages     = {822--835},
  year      = {2019},
  url       = {http://www.vldb.org/pvldb/vol12/p822-jankov.pdf}
}

@inproceedings{LARA_Berlin_2016,
	Author = {Kunft, Andreas and Alexandrov, Alexander and Katsifodimos, Asterios and Markl, Volker},
	Booktitle = {Proceedings of the 3rd ACM SIGMOD Workshop on Algorithms and Systems for MapReduce and Beyond {(BeyondMR)}},
	url = {http://doi.acm.org/10.1145/2926534.2926540},
	Pages = {1:1--1:4},
	Title = {Bridging the Gap: Towards Optimization Across Linear and Relational Algebra},
	Year = {2016}}


@book{2019Boehm,
  author    = {Matthias Boehm and
               Arun Kumar and
               Jun Yang},
  title     = {Data Management in Machine Learning Systems},
  series    = {Synthesis Lectures on Data Management},
  publisher = {Morgan {\&} Claypool Publishers},
  year      = {2019},
  url       = {https://doi.org/10.2200/S00895ED1V01Y201901DTM057}
}


@article{Jermaine/17/LAonRA,
	Author = {Luo, Shangyu and Gao, Zekai J. and Gubanov, Michael and Perez, Luis L. and Jermaine, Christopher},
	Issue_Date = {March 2018},
	Journal = {SIGMOD Rec.},
	Note = {\url{http://doi.acm.org/10.1145/3277006.3277013}},
	Number = {1},
	Pages = {24--31},
	Title = {Scalable Linear Algebra on a Relational Database System},
	Volume = {47},
	Year = {2018}}


@book{cormen,
  author = {Cormen, Thomas H. and Leiserson, Charles E. and Rivest, Ronald L. and Stein, Clifford},
  edition = {2nd},
  publisher = {The MIT Press},
  title = {Introduction to Algorithms},
  year = 2001
}



@book{droste2009handbook,
	title={Handbook of weighted automata},
	author={Droste, Manfred and Kuich, Werner and Vogler, Heiko},
	year={2009},
	publisher={Springer Science \& Business Media}
}

@misc{GradelV17,
	author    = {Erich Gr{\"{a}}del and
	Val Tannen},
	title     = {Semiring Provenance for First-Order Model Checking},
	year      = {2017},
	url       = {http://arxiv.org/abs/1712.01980}
}

@inproceedings{valiant1981fast,
	title={Fast parallel computation of polynomials using few processors},
	author={Valiant, Leslie G and Skyum, Sven},
	booktitle={Proceedings of the International Symposium on Mathematical Foundations of Computer Science {(MFCS)}},
	pages={132--139},
	series = {Lecture Notes in Computer Science},
	volume = {118},
	year={1981},
	url = {https://doi.org/10.1007/3-540-10856-4_79}
}
